@inproceedings{SPACEOPS,
  title={Bearing-Only Navigation to Support Proximity Operations 
on Cislunar Non-Keplerian Orbits},
  author={Ceresoli, M. and Zanotti, G. and Lavagna, M.},
  booktitle={SpaceOps 2021 Virtual Edition},
  year={2021},
  address={Cape Town, South Africa}
}

@article{woffinden2009observability,
  title={Observability criteria for angles-only navigation},
  author={Woffinden, D. C. and Geller, D. K.},
  journal={IEEE Transactions on Aerospace and Electronic Systems},
  volume={45},
  number={3},
  pages={1194--1208},
  year={2009},
  publisher={IEEE}
}
